<record><leader>00000cas a2200000 a 4500</leader><controlfield tag="001">44616782</controlfield><controlfield tag="008">000719d19952004iluwr ne      0    0eng c</controlfield><datafield ind1=" " ind2=" " tag="010"><subfield code="a">sn 00061557 </subfield></datafield><datafield ind1=" " ind2=" " tag="040"><subfield code="a">NVF</subfield><subfield code="b">eng</subfield><subfield code="c">NVF</subfield><subfield code="d">NVF</subfield><subfield code="d">OCLCQ</subfield><subfield code="d">OCLCF</subfield><subfield code="d">OCLCO</subfield></datafield><datafield ind1="1" ind2=" " tag="029"><subfield code="a">AU@</subfield><subfield code="b">000021675828</subfield></datafield><datafield ind1=" " ind2=" " tag="042"><subfield code="a">pcc</subfield></datafield><datafield ind1=" " ind2=" " tag="043"><subfield code="a">n-us-il</subfield></datafield><datafield ind1="0" ind2="0" tag="245"><subfield code="a">Gillespie area news.</subfield></datafield><datafield ind1="1" ind2="3" tag="246"><subfield code="a">Area news</subfield><subfield code="f">Sept. 20-Oct. 11, 1995</subfield></datafield><datafield ind1=" " ind2=" " tag="260"><subfield code="a">Gillespie, Ill. :</subfield><subfield code="b">Dave and Patty Ambrose,</subfield><subfield code="c">1995-2004.</subfield></datafield><datafield ind1=" " ind2=" " tag="300"><subfield code="a">v.</subfield></datafield><datafield ind1=" " ind2=" " tag="310"><subfield code="a">Weekly</subfield></datafield><datafield ind1="0" ind2=" " tag="362"><subfield code="a">Vol. 90, no. 42 (Sept. 20, 1995)-v. 100, no. 35 (Aug. 26, 2004).</subfield></datafield><datafield ind1=" " ind2="0" tag="651"><subfield code="a">Gillespie (Ill.)</subfield><subfield code="v">Newspapers.</subfield></datafield><datafield ind1=" " ind2="7" tag="655"><subfield code="a">Newspapers.</subfield><subfield code="2">fast</subfield><subfield code="0">(OCoLC)fst01423814</subfield></datafield><datafield ind1=" " ind2="7" tag="651"><subfield code="a">Illinois</subfield><subfield code="z">Gillespie.</subfield><subfield code="2">fast</subfield><subfield code="0">(OCoLC)fst01232874</subfield></datafield><datafield ind1=" " ind2=" " tag="752"><subfield code="a">United States</subfield><subfield code="b">Illinois</subfield><subfield code="c">Macoupin</subfield><subfield code="d">Gillespie.</subfield></datafield><datafield ind1="0" ind2="0" tag="780"><subfield code="t">Area news (Gillespie, Ill.)</subfield><subfield code="w">(DLC)sn 91054560</subfield><subfield code="w">(OCoLC)23279749</subfield></datafield><datafield ind1="0" ind2="0" tag="785"><subfield code="t">South county news (Gillespie, Ill.)</subfield><subfield code="w">(DLC)sn2005062036</subfield><subfield code="w">(OCoLC)58550896</subfield></datafield></record>